@book{pruvodce,
	title = {Průvodce labyrintem algoritmů},
	author = {VALLA Tomáš, MAREŠ Martin},
	isbn = {978-80-88168-22-5},
	year = {2017},
	publisher = {CZ.NIC},
	addendum = {Dostupné na \texttt{https://knihy.nic.cz/}}
}

@online{overflow,
	title = {Odpověď na: How do I obtain the frequencies of each value in an FFT?},
	author = {Uživatel Stack Overflow Paul R},
	url = {https://stackoverflow.com/a/4371627},
	addendum = {Datum citování: \today}
}

@online{wav-prehled,
	title = {Stručný přehled formátu Wave},
	url = {http://www.topherlee.com/software/pcm-tut-wavformat.html},
	addendum = {Datum citování: \today}
}

@online{wav-spec,
	title = {Specifikace formátu RIFF -- na straně 56 začíná specifikace
		formátu Wave},
	url =
	{http://www-mmsp.ece.mcgill.ca/Documents/AudioFormats/WAVE/Docs/riffmci.pdf},
	addendum = {Datum citování: \today}
}
